@inproceedings{basirat2019polyglot,
  title={Polyglot Parsing for One Thousand and One Languages (And Then Some)},
  author={Basirat, Ali and de Lhoneux, Miryam and Kulmizev, Artur and Kurfal, Murathan and Nivre, Joakim and {\"O}stling, Robert},
  booktitle={First workshop on Typology for Polyglot NLP, Florence, Italy, August 1 2019},
  year={2019}
}