@Book{joyce:ulysses,
  author = 	 {Joyce, James},
  title = 	 {Ulysses},
  publisher = 	 {Sylvia Beach},
  year = 	 1922,
  address = 	 {Paris}
}

@Book{chism92:a_to_z,
  author = 	 {Chism, Stephen J.},
  title = 	 {From A to Zotamorf: The Dictionary of Palindromes},
  year = 	 1992,
  publisher = {Word Ways Press},
  isbn = 	 {978-1565121096}
}

@Book{bergerson73,
  author = 	 {Bergerson, Howard W.},
  title = 	 {Palindromes and Anagrams},
  year = 	 1973,
  publisher = {Dover Publications}
}

@Unpublished{funny,
  author = 	 {Joki, Kimberly},
  title = 	 {16 Surprisingly Funny Palindromes},
  date = 	 {2015-08-10},
  url = 	 {https://www.grammarly.com/blog/16-surprisingly-funny-palindromes/},
  urldate = 	 {2019-08-16}
}
                  
@InBook{adamczewski10,
  title = 	 {Transcendence and diophantine approximation},
  year = 	 2010,
  author = 	 {Adamczewski, Boris and Bugeaud, Yann},
  booktitle = 	 {Combinatorics, automata, and number theory, Encyclopedia of Mathematics and its Applications},
  editor =       {Berthé, Valérie and Rigo, Michael},
  chapter = 	 8
}
